% Encoding: UTF-8

@article{doi:10.1126/science.1164718,
	author = {E. Aliu  and H. Anderhub  and L. A. Antonelli  and P. Antoranz  and M. Backes  and C. Baixeras  and J. A. Barrio  and H. Bartko  and D. Bastieri  and J. K. Becker  and W. Bednarek  and K. Berger  and E. Bernardini  and C. Bigongiari  and A. Biland  and R. K. Bock  and G. Bonnoli  and P. Bordas  and V. Bosch-Ramon  and T. Bretz  and I. Britvitch  and M. Camara  and E. Carmona  and A. Chilingarian  and S. Commichau  and J. L. Contreras  and J. Cortina  and M. T. Costado  and S. Covino  and V. Curtef  and F. Dazzi  and A. De Angelis  and E. De Cea del Pozo  and R. de los Reyes  and B. De Lotto  and M. De Maria  and F. De Sabata  and C. Delgado Mendez  and A. Dominguez  and D. Dorner  and M. Doro  and D. Elsässer  and M. Errando  and M. Fagiolini  and D. Ferenc  and E. Fernandez  and R. Firpo  and M. V. Fonseca  and L. Font  and N. Galante  and R. J. Garcia Lopez  and M. Garczarczyk  and M. Gaug  and F. Goebel  and D. Hadasch  and M. Hayashida  and A. Herrero  and D. Höhne  and J. Hose  and C. C. Hsu  and S. Huber  and T. Jogler  and D. Kranich  and A. La Barbera  and A. Laille  and E. Leonardo  and E. Lindfors  and S. Lombardi  and F. Longo  and M. Lopez  and E. Lorenz  and P. Majumdar  and G. Maneva  and N. Mankuzhiyil  and K. Mannheim  and L. Maraschi  and M. Mariotti  and M. Martinez  and D. Mazin  and M. Meucci  and M. Meyer  and J. M. Miranda  and R. Mirzoyan  and M. Moles  and A. Moralejo  and D. Nieto  and K. Nilsson  and J. Ninkovic  and N. Otte  and I. Oya  and R. Paoletti  and J. M. Paredes  and M. Pasanen  and D. Pascoli  and F. Pauss  and R. G. Pegna  and M. A. Perez-Torres  and M. Persic  and L. Peruzzo  and A. Piccioli  and F. Prada  and E. Prandini  and N. Puchades  and A. Raymers  and W. Rhode  and M. Ribó  and J. Rico  and M. Rissi  and A. Robert  and S. Rügamer  and A. Saggion  and T. Y. Saito  and M. Salvati  and M. Sanchez-Conde  and P. Sartori  and K. Satalecka  and V. Scalzotto  and V. Scapin  and T. Schweizer  and M. Shayduk  and K. Shinozaki  and S. N. Shore  and N. Sidro  and A. Sierpowska-Bartosik  and A. Sillanpää  and D. Sobczynska  and F. Spanier  and A. Stamerra  and L. S. Stark  and L. Takalo  and F. Tavecchio  and P. Temnikov  and D. Tescaro  and M. Teshima  and M. Tluczykont  and D. F. Torres  and N. Turini  and H. Vankov  and A. Venturini  and V. Vitale  and R. M. Wagner  and W. Wittek  and V. Zabalza  and F. Zandanel  and R. Zanin  and J. Zapatero  and O.C. de Jager  and E. de Ona Wilhelmi },
	title = {Observation of Pulsed \&\#x3b3;-Rays Above 25 GeV from the Crab Pulsar with MAGIC},
	journal = {Science},
	volume = {322},
	number = {5905},
	pages = {1221-1224},
	year = {2008},
	doi = {10.1126/science.1164718},
	URL = {https://www.science.org/doi/abs/10.1126/science.1164718},
	eprint = {https://www.science.org/doi/pdf/10.1126/science.1164718},
	abstract = {One fundamental question about pulsars concerns the mechanism of their pulsed electromagnetic emission. Measuring the high-end region of a pulsar's spectrum would shed light on this question. By developing a new electronic trigger, we lowered the threshold of the Major Atmospheric γ-ray Imaging Cherenkov (MAGIC) telescope to 25 giga–electron volts. In this configuration, we detected pulsed γ-rays from the Crab pulsar that were greater than 25 giga–electron volts, revealing a relatively high cutoff energy in the phase-averaged spectrum. This indicates that the emission occurs far out in the magnetosphere, hence excluding the polar-cap scenario as a possible explanation of our measurement. The high cutoff energy also challenges the slot-gap scenario.}}

@article{Lubsandorzhiev:2017oi,
  author = "Lubsandorzhiev, Nima  and  Astapov, I.  and  Bezyazeekov, Pavel  and  Boreyko, V.  and  Borodin, A.  and  Brueckner, M.  and  Budnev, N.  and  Chiavassa, A.  and  Dyachok, Aleksei Nikolaevich  and  Fedorov, O.  and  Gafarov, Aleksandr  and  Garmash, A.  and  Gorbunov, N.  and  Grebenyuk, Victor  and  Gress, O.  and  Gress, T.  and  Grishin, O.  and  Grinyuk, A.  and  Horns, D.  and  Igoshin, A.  and  Ivanova, A.  and  Kalmykov, N.  and  Kazarina, Y.  and  Kindin, V.  and  Kirilenko, P.  and  Kiryuhin, S.  and  Kokoulin, R.  and  Kompaniets, K.  and  Korosteleva, E.  and  Kozhin, Vladimir V  and  Kravchenko, E.  and  Kunnas, M.  and  Kuzmichev, L.  and  Lemeshev, Yu.  and  Lenok, V.  and  Lubsandorzhiev, B.  and  Mirgazov, Rashid  and  Mirzoyan, Razmik  and  Monkhoev, R.  and  Nachtigall, R.  and  Osipova, E.  and  Pakhorukov, A.  and  Panasyuk, M. I.  and  Pankov, Leonid  and  Petrukhin, A.  and  Poleschuk, V.  and  Popescu, E.  and  Popova, E.  and  Porelli, A.  and  Postnikov, E.  and  Prosin, V.  and  Ptuskin, V.  and  Rjabov, Evgenii V  and  Rubtsov, G.  and  Pushnin, A.  and  Sagan, Yaroslav  and  Sabirov, B.  and  Samoliga, V.  and  Semeney, Yu.  and  Silaev, A.  and  Silaev(junior), A.  and  Sidorenkov, A.  and  Skurihin, Aleksandr Vasilevich  and  Slunecka, V.  and  Sokolov, A. V.  and  Spiering, C.  and  Sveshnikova, L.  and  Tabolenko, V.  and  Tarashansky, B.  and  Tkachenko, A.  and  Tkachev, L.  and  Tluczykont, M.  and  Wischnewski, R.  and  Zagorodnikov, Aleksey  and  Zhurov, D.  and  Zurbanov, Valery  and  Yashin, I.",
  title = "{Camera of the first TAIGA-IACT: construction and calibration}",
  doi = "10.22323/1.301.0757",
  journal = "PoS",
  year = 2017,
  volume = "ICRC2017",
  pages = "757"
}

@article{heck1998corsika,
  title={CORSIKA: A Monte Carlo code to simulate extensive air showers},
  author={Heck, Dieter and Knapp, J and Capdevielle, JN and Schatz, G and Thouw, T and others},
  journal={Report fzka},
  volume={6019},
  number={11},
  year={1998},
  publisher={Citeseer}
}

@techreport{fesefeldt1985simulation,
  title={The simulation of hadronic showers: physics and applications},
  author={Fesefeldt, HS},
  year={1985}
}

@article{ostapchenko2011monte,
  title={Monte Carlo treatment of hadronic interactions in enhanced Pomeron scheme: QGSJET-II model},
  author={Ostapchenko, Sergey},
  journal={Physical Review D},
  volume={83},
  number={1},
  pages={014018},
  year={2011},
  publisher={APS}
}

@article{grinyuk2020monte,
  title={Monte Carlo Simulation of the TAIGA Hybrid Gamma-Ray Experiment},
  author={Grinyuk, Andrey and Postnikov, E and Sveshnikova, L},
  journal={Physics of Atomic Nuclei},
  volume={83},
  number={2},
  pages={262--267},
  year={2020},
  publisher={Springer}
}

@article{van2008rings,
  title={Rings and Jets around PSR J2021+ 3651: The “Dragonfly Nebula”},
  author={Van Etten, Adam and Romani, Roger W and Ng, C-Y},
  journal={The Astrophysical Journal},
  volume={680},
  number={2},
  pages={1417},
  year={2008},
  publisher={IOP Publishing}
}

@article{https://doi.org/10.48550/arxiv.2109.13753,
  doi = {10.48550/ARXIV.2109.13753},  
  url = {https://arxiv.org/abs/2109.13753},  
  author = {Mitchell, A. M. W.},  
  keywords = {High Energy Astrophysical Phenomena (astro-ph.HE), FOS: Physical sciences, FOS: Physical sciences},  
  title = {Status of Ground-based and Galactic Gamma-ray Astronomy},
    publisher = {arXiv},  
  year = {2021},  
  copyright = {Creative Commons Attribution Non Commercial No Derivatives 4.0 International}
}

@ARTICLE{1983ApJ...272..317L,
       author = {{Li}, T. -P. and {Ma}, Y. -Q.},
        title = "{Analysis methods for results in gamma-ray astronomy.}",
      journal = {\apj},
     keywords = {Gamma Ray Astronomy, Statistical Analysis, Confidence Limits, Maximum Likelihood Estimates, Monte Carlo Method, Astronomy},
         year = 1983,
        month = sep,
       volume = {272},
        pages = {317-324},
          doi = {10.1086/161295},
       adsurl = {https://ui.adsabs.harvard.edu/abs/1983ApJ...272..317L},
      adsnote = {Provided by the SAO/NASA Astrophysics Data System}
}

@article{Grinyuk:20210M,
  author = "Grinyuk, A.  and  Postnikov, E.  and  Volchugov, Pavel  and  Astapov, I.  and  Awad, A.  and  Bezyazeekov, Pavel  and  Blank, M.  and  Borodin, A.  and  Bulan, A.  and  Brueckner, M.  and  Budnev, N.  and  Chiavassa, A.  and  Dyachok, A.  and  Gafarov, A.  and  Garmash, A.  and  Grebenyuk, V.  and  Gress, O.  and  Gress, T.  and  Grishin, O.  and  Horns, D.  and  Kalmykov, N.  and  Kindin, V.  and  Kiryuhin, S.  and  Kokoulin, R.  and  Kompaniets, K.  and  Korosteleva, E.  and  Kozhin, V.  and  Kravchenko, E.  and  Kryukov, Alexander  and  Kuzmichev, L.  and  Lagutin, A.  and  Lavrova, M.  and  Lubsandorzhiev, B.  and  Lubsandorzhiev, N.  and  Lukanov, A.  and  Lukyantsev, D.  and  Mirgazov, R.  and  Mirzoyan, R.  and  Monkhoev, R.  and  Osipova, E.  and  Pakhorukov, A.  and  Pan, A.  and  Panasyuk, M. I.  and  Pankov, L.  and  Petrukhin, A.  and  Poleschuk, V.  and  Popesku, M.  and  Popova, E.  and  Porelli, A.  and  Prosin, V.  and  Ptuskin, V.  and  Pushnin, A.  and  Raikin, R.  and  Razumov, A.  and  Rubtsov, G.  and  Ryabov, E.  and  Sagan, Y.  and  Samoliga, V.  and  Semeney, Yu.  and  Silaev, A.  and  Silaev(junior), A.  and  Sidorenkov, A.  and  Skurikhin, A.  and  Slunecka, M.  and  Sokolov, A.  and  Spiering, C.  and  Sveshnikova, L.  and  Tabolenko, V.  and  Tarashansky, B.  and  Tkachev, L.  and  Togoo, R.  and  Tluczykont, M.  and  Ushakov, N.  and  Vaidyanathan, A.  and  Volkov, N.  and  Voronin, D.  and  Wischnewski, R.  and  Zagorodnikov, A.  and  Zhurov, D.  and  Yashin, I.",
  title = "{Stereoscopic and monoscopic operation of the five IACTs in the TAIGA experiment}",
  doi = "10.22323/1.395.0713",
  journal = "PoS",
  year = 2021,
  volume = "ICRC2021",
  pages = "713"
}

@article{HOFMANN1999135,
title = {Comparison of techniques to reconstruct VHE gamma-ray showers from multiple stereoscopic Cherenkov images},
journal = {Astroparticle Physics},
volume = {12},
number = {3},
pages = {135-143},
year = {1999},
issn = {0927-6505},
doi = {https://doi.org/10.1016/S0927-6505(99)00084-5},
url = {https://www.sciencedirect.com/science/article/pii/S0927650599000845},
author = {W. Hofmann and I. Jung and A. Konopelko and H. Krawczynski and H. Lampeitl and G. Pühlhofer},
abstract = {For air showers observed simultaneously by more than two imaging atmospheric Cherenkov telescopes, the shower geometry is overconstrained by the images and image information should be combined taking into account the quality of the images. Different algorithms are discussed and tested experimentally using data obtained from observations of Mkn 501 with the HEGRA IACT system. Most of these algorithms provide an estimate of the accuracy of the reconstruction of shower geometry on an event-by-event basis, allowing, e.g., to select higher-quality subsamples for precision measurements.}
}

@article{heaviside1889xxxix,
  title={XXXIX. On the electromagnetic effects due to the motion of electrification through a dielectric},
  author={Heaviside, Oliver},
  journal={The London, Edinburgh, and Dublin Philosophical Magazine and Journal of Science},
  volume={27},
  number={167},
  pages={324--339},
  year={1889},
  publisher={Taylor \& Francis}
}

@article{tyapkin1974first,
  title={The first theoretical prediction of the radiation discovered by Vavilov and Cerenkov},
  author={Tyapkin, AA},
  journal={Soviet Physics Uspekhi},
  volume={17},
  number={2},
  pages={288},
  year={1974},
  publisher={IOP Publishing}
}

@article{mirzoyan2014brief,
  title={Brief history of ground-based very high energy gamma-ray astrophysics with atmospheric air Cherenkov telescopes},
  author={Mirzoyan, Razmik},
  journal={Astroparticle Physics},
  volume={53},
  pages={91--99},
  year={2014},
  publisher={Elsevier}
}

@article{galbraith1953light,
  title={Light pulses from the night sky associated with cosmic rays},
  author={Galbraith, W and Jelley, JV},
  journal={Nature},
  volume={171},
  number={4347},
  pages={349--350},
  year={1953},
  publisher={Nature Publishing Group}
}

@Comment{jabref-meta: databaseType:bibtex;}